@article{ahlgren2016internet,
  title={Internet of things for smart cities: Interoperability and open data},
  author={Ahlgren, Bengt and Hidell, Markus and Ngai, Edith C-H},
  journal={IEEE Internet Computing},
  volume={20},
  number={6},
  pages={52--56},
  year={2016},
  publisher={IEEE}
}

@inproceedings{hong2012resource,
  title={A resource-oriented middleware framework for heterogeneous internet of things},
  author={Hong, Yelin},
  booktitle={2012 International Conference on Cloud and Service Computing},
  pages={12--16},
  year={2012},
  organization={IEEE}
}

@article{tilkov2010node,
  title={Node. js: Using JavaScript to build high-performance network programs},
  author={Tilkov, Stefan and Vinoski, Steve},
  journal={IEEE Internet Computing},
  volume={14},
  number={6},
  pages={80--83},
  year={2010},
  publisher={IEEE}
}

@inproceedings{park2017ocf,
  title={OCF: A new open IoT consortium},
  author={Park, Soohong},
  booktitle={2017 31st International Conference on Advanced Information Networking and Applications Workshops (WAINA)},
  pages={356--359},
  year={2017},
  organization={IEEE}
}

@inproceedings{jing2010jmeter,
  title={JMeter-based aging simulation of computing system},
  author={Jing, You and Lan, Zhang and Hongyuan, Wang and Yuqiang, Sun and Guizhen, Cao},
  booktitle={2010 International Conference on Computer, Mechatronics, Control and Electronic Engineering},
  volume={5},
  pages={282--285},
  year={2010},
  organization={IEEE}
}

@article{sabella2016mobile,
  title={Mobile-edge computing architecture: The role of MEC in the Internet of Things},
  author={Sabella, Dario and Vaillant, Alessandro and Kuure, Pekka and Rauschenbach, Uwe and Giust, Fabio},
  journal={IEEE Consumer Electronics Magazine},
  volume={5},
  number={4},
  pages={84--91},
  year={2016},
  publisher={IEEE}
}

@standard{2020_onem2m_tr_0052,
  title         = "oneM2M TR-0052: Study on Edge and Fog Computing in oneM2M systems",
  organization  = "oneM2M",
  number        = "v0.10.0",
  year          = "2020",
  url           = "http://www.onem2m.org/technical/published-drafts/release-4"
}

@article{taleb2017multi,
  title={On multi-access edge computing: A survey of the emerging 5G network edge cloud architecture and orchestration},
  author={Taleb, Tarik and Samdanis, Konstantinos and Mada, Badr and Flinck, Hannu and Dutta, Sunny and Sabella, Dario},
  journal={IEEE Communications Surveys \& Tutorials},
  volume={19},
  number={3},
  pages={1657--1681},
  year={2017},
  publisher={IEEE}
}

@standard{DockerEngineAPI,
  title         = "Develop with Docker Engine API Architecture",
  organization  = "Docker",
  number        = "v1.40",
  year          = "2019",
  url           = "https://docs.docker.com/engine/api/"
}


@incollection{ziegler2016f,
  title={F-interop--online platform of interoperability and performance tests for the internet of things},
  author={Ziegler, S{\'e}bastien and Fdida, Serge and Viho, Cesar and Watteyne, Thomas},
  booktitle={Interoperability, Safety and Security in IoT},
  pages={49--55},
  year={2016},
  publisher={Springer}
}

@inproceedings{brogi2017dockerfinder,
  title={DockerFinder: multi-attribute search of Docker images},
  author={Brogi, Antonio and Neri, Davide and Soldani, Jacopo},
  booktitle={2017 IEEE International Conference on Cloud Engineering (IC2E)},
  pages={273--278},
  year={2017},
  organization={IEEE}
}

@incollection{leone2016technical,
  title={Technical overview of F-Interop},
  author={Leone, R{\'e}my and Sismondi, Federico and Watteyne, Thomas and Viho, C{\'e}sar},
  booktitle={Interoperability, Safety and Security in IoT},
  pages={11--17},
  year={2016},
  publisher={Springer}
}

@misc{edge_iot_netmanias,
  title         = "{MEC} {C}oncept and {D}eployment {A}rchitecture in 4{G} and 5{G} {N}etwork",
  year          = "2019",
  url           = "https://www.netmanias.com/en/?m=view\&id=oneshot\&no=14276",
  organization  = "Netmanias"
}

@book{vermesan2014internet,
  title={Internet of things-from research and innovation to market deployment},
  author={Vermesan, Ovidiu and Friess, Peter and others},
  volume={29},
  year={2014},
  publisher={River publishers Aalborg}
}

@inproceedings{korzun2018dependability,
  title={On dependability of smart applications within edge-centric and fog computing paradigms},
  author={Korzun, Dmitry and Varfolomeyev, Aleksey and Shabaev, Anton and Kuznetsov, Vladimir},
  booktitle={2018 IEEE 9th International Conference on Dependable Systems, Services and Technologies (DESSERT)},
  pages={502--507},
  year={2018},
  organization={IEEE}
}

@article{kyriazis2013smart,
  title={Smart, autonomous and reliable Internet of Things},
  author={Kyriazis, Dimosthenis and Varvarigou, Theodora},
  journal={Procedia Computer Science},
  volume={21},
  pages={442--448},
  year={2013},
  publisher={Elsevier}
}

@article{gluhak2011survey,
  title={A survey on facilities for experimental internet of things research},
  author={Gluhak, Alexander and Krco, Srdjan and Nati, Michele and Pfisterer, Dennis and Mitton, Nathalie and Razafindralambo, Tahiry},
  journal={IEEE Communications Magazine},
  volume={49},
  number={11},
  pages={58--67},
  year={2011},
  publisher={IEEE}
}

@inproceedings{husain2018mobile,
  title={Mobile edge computing with network resource slicing for Internet-of-Things},
  author={Husain, Syed and Kunz, Andreas and Prasad, Athul and Samdanis, Konstantinos and Song, JaeSeung},
  booktitle={2018 IEEE 4th World Forum on Internet of Things (WF-IoT)},
  pages={1--6},
  year={2018},
  organization={IEEE}
}

@article{zhang2019overview,
  title={An overview of network slicing for 5G},
  author={Zhang, Shunliang},
  journal={IEEE Wireless Communications},
  volume={26},
  number={3},
  pages={111--117},
  year={2019},
  publisher={IEEE}
}

@article{al2015internet,
  title={Internet of things: A survey on enabling technologies, protocols, and applications},
  author={Al-Fuqaha, Ala and Guizani, Mohsen and Mohammadi, Mehdi and Aledhari, Mohammed and Ayyash, Moussa},
  journal={IEEE communications surveys \& tutorials},
  volume={17},
  number={4},
  pages={2347--2376},
  year={2015},
  publisher={IEEE}
}

@article{roman2013features,
  title={On the features and challenges of security and privacy in distributed internet of things},
  author={Roman, Rodrigo and Zhou, Jianying and Lopez, Javier},
  journal={Computer Networks},
  volume={57},
  number={10},
  pages={2266--2279},
  year={2013},
  publisher={Elsevier}
}

@article{wenge2014smart,
  title={Smart city architecture: A technology guide for implementation and design challenges},
  author={Wenge, Rong and Zhang, Xiong and Dave, Cooper and Chao, Li and Hao, Sheng},
  journal={China Communications},
  volume={11},
  number={3},
  pages={56--69},
  year={2014},
  publisher={IEEE}
}

@inproceedings{brady2017towards,
  title={Towards an emulated IoT test environment for anomaly detection using NEMU},
  author={Brady, Shane and Hava, Adriana and Perry, Philip and Murphy, John and Magoni, Damien and Portillo-Dominguez, A Omar},
  booktitle={2017 Global Internet of Things Summit (GIoTS)},
  pages={1--6},
  year={2017},
  organization={IEEE}
}

ahmed2019aspects
@article{ahmed2019aspects,
  title={Aspects of Quality in Internet of Things (IoT) Solutions: A Systematic Mapping Study},
  author={Ahmed, Bestoun S and Bures, Miroslav and Frajtak, Karel and Cerny, Tomas},
  journal={IEEE Access},
  volume={7},
  pages={13758--13780},
  year={2019},
  publisher={IEEE}
}


@inproceedings{sand2015iot,
  title={IoT Testing-The Big Challenge Why, What and How},
  author={Sand, Benny},
  booktitle={International Internet of Things Summit},
  pages={70--76},
  year={2015},
  organization={Springer}
}


@article{kone2000test,
  title={Test generation for interworking systems},
  author={Kon{\'e}, Ousmane and Castanet, Richard},
  journal={Computer Communications},
  volume={23},
  number={7},
  pages={642--652},
  year={2000},
  publisher={Elsevier}
}

@inproceedings{zhang2004ipv6,
  title={IPv6 conformance testing: theory and practice},
  author={Zhang, Yujun and Li, Zhongcheng},
  booktitle={2004 International Conferce on Test},
  pages={719--727},
  year={2004},
  organization={IEEE}
}

@inproceedings{kim2017towards,
  title={Towards an open framework of online interoperability and performance tests for the internet of things},
  author={Kim, Eunsook Eunah and Ziegler, Sebastien},
  booktitle={2017 Global Internet of Things Summit (GIoTS)},
  pages={1--6},
  year={2017},
  organization={IEEE}
}

@article{zanella2014internet,
  title={Internet of things for smart cities},
  author={Zanella, Andrea and Bui, Nicola and Castellani, Angelo and Vangelista, Lorenzo and Zorzi, Michele},
  journal={IEEE Internet of Things journal},
  volume={1},
  number={1},
  pages={22--32},
  year={2014},
  publisher={IEEE}
}

@inproceedings{chen2017enabling,
  title={Enabling smart urban surveillance at the edge},
  author={Chen, Ning and Chen, Yu and Blasch, Erik and Ling, Haibin and You, Yang and Ye, Xinyue},
  booktitle={2017 IEEE International Conference on Smart Cloud (SmartCloud)},
  pages={109--119},
  year={2017},
  organization={IEEE}
}

@article{wang2018network,
  title={Network management and orchestration using artificial intelligence: Overview of ETSI ENI},
  author={Wang, Yue and Forbes, Ray and Cavigioli, Chris and Wang, Haining and Gamelas, Antonio and Wade, Archie and Strassner, John and Cai, Shengming and Liu, Shucheng},
  journal={IEEE Communications Standards Magazine},
  volume={2},
  number={4},
  pages={58--65},
  year={2018},
  publisher={IEEE}
}

@misc{manyika2015internet,
  title={The Internet of Things: mapping the value beyond the hype. McKinsey Glob Inst 144},
  author={Manyika, J and Chui, M and Bisson, P and Woetzel, J and Dobbs, R and Bughin, J and Aharon, D},
  year={2015}
}

@article{hwang2019interworking,
  title={Interworking Models of Smart City with Heterogeneous Internet of Things Standards},
  author={Hwang, JaeYoung and An, JongGwan and Aziz, Abdullah and Kim, JaeHo and Jeong, SeungMyeong and Song, JaeSeung},
  journal={IEEE Communications Magazine},
  volume={57},
  number={6},
  pages={74--79},
  year={2019},
  publisher={IEEE}
}

@inproceedings{sanchez2013smartsantander,
  title={SmartSantander: Experimentation and service provision in the smart city},
  author={S{\'a}nchez, Luis and Guti{\'e}rrez, Ver{\'o}nica and Galache, Jose Antonio and Sotres, Pablo and Santana, Juan Ram{\'o}n and Casanueva, Javier and Mu{\~n}oz, Luis},
  booktitle={2013 16th International Symposium on Wireless Personal Multimedia Communications (WPMC)},
  pages={1--6},
  year={2013},
  organization={IEEE}
}

@article{sotres2017practical,
  title={Practical lessons from the deployment and management of a smart city Internet-of-Things infrastructure: The smartsantander testbed case},
  author={Sotres, Pablo and Santana, Juan Ram{\'o}n and S{\'a}nchez, Luis and Lanza, Jorge and Munoz, Luis},
  journal={IEEE Access},
  volume={5},
  pages={14309--14322},
  year={2017},
  publisher={IEEE}
}

@standard{2020_onem2m_ts_0001,
  title         = "oneM2M TS-0001: Functional Architecture",
  organization  = "oneM2M",
  number        = "v4.4.0",
  year          = "2020",
  url           = "http://www.onem2m.org/technical/published-drafts/release-4"
}

@inproceedings{moseley2003experience,
  title={Experience within ETSI of the combined roles of conformance testing and interoperability testing},
  author={Moseley, Scott and Randall, Steve and Wiles, Anthony},
  booktitle={Standardization and Innovation in Information Technology, 2003. The 3rd Conference on},
  pages={177--189},
  year={2003},
  organization={IEEE}
}

@standard{2016etsitestingspec,
  title         = "Methods for Testing and Specification (MTS);
Deployment of Model-Based Automated
Testing Infrastructure in a Cloud",
  organization  = "European Telecommunications Standards Institute (ETSI)",
  number        = "v1.1.1",
  year          = "2016"
}

@article{rayner1987osi,
  title={OSI conformance testing},
  author={Rayner, David},
  journal={Computer Networks and ISDN Systems},
  volume={14},
  number={1},
  pages={79--98},
  year={1987},
  publisher={Elsevier}
}

@article{krichen2009conformance,
  title={Conformance testing for real-time systems},
  author={Krichen, Moez and Tripakis, Stavros},
  journal={Formal Methods in System Design},
  volume={34},
  number={3},
  pages={238--304},
  year={2009},
  publisher={Springer}
}

@inproceedings{krichen2004black,
  title={Black-box conformance testing for real-time systems},
  author={Moez Krichen, Stavros Tripakis},
  booktitle={International SPIN Workshop on Model Checking of Software},
  pages={109--126},
  year={2004},
  organization={Springer}
}

@article{howden1980functional,
  title={Functional program testing},
  author={Howden, William E},
  journal={IEEE Transactions on Software Engineering},
  number={2},
  pages={162--169},
  year={1980},
  publisher={IEEE}
}

@article{grabowski2003introduction,
  title={An introduction to the testing and test control notation (TTCN-3)},
  author={Grabowski, Jens and Hogrefe, Dieter and R{\'e}thy, Gy{\"o}rgy and Schieferdecker, Ina and Wiles, Anthony and Willcock, Colin},
  journal={Computer Networks},
  volume={42},
  number={3},
  pages={375--403},
  year={2003},
  publisher={Elsevier}
}

@inproceedings{schieferdecker2017iot,
  title={IoT-Testware-an Eclipse Project},
  author={Schieferdecker, Ina and Kretzschmann, Sascha and Rennoch, Axel and Wagner, Michael},
  booktitle={2017 IEEE International Conference on Software Quality, Reliability and Security (QRS)},
  pages={1--8},
  year={2017},
  organization={IEEE}
}

@book{willcock2005introduction,
  title={An introduction to TTCN-3},
  author={Willcock, Colin and Dei, Thomas and Tobies, Stephan and Keil, Stefan and Engler, Federico and Schulz, Stephan},
  volume={2},
  year={2005},
  publisher={Wiley Online Library}
}

@inproceedings{loper2017machine,
  title={Machine to Machine Trust in Smart Cities},
  author={Loper, Margaret L and Swenson, Brian},
  booktitle={2017 IEEE 37th International Conference on Distributed Computing Systems (ICDCS)},
  pages={1887--1889},
  year={2017},
  organization={IEEE}
}

@inproceedings{agarwal2016unified,
  title={Unified IoT ontology to enable interoperability and federation of testbeds},
  author={Agarwal, Rachit and Fernandez, David Gomez and Elsaleh, Tarek and Gyrard, Amelie and Lanza, Jorge and Sanchez, Luis and Georgantas, Nikolaos and Issarny, Valerie},
  booktitle={2016 IEEE 3rd World Forum on Internet of Things (WF-IoT)},
  pages={70--75},
  year={2016},
  organization={IEEE}
}

@standard{ts0015,
  title         = "TS-0015: Testing Framework",
  organization  = "oneM2M",
  number        = "V2.0.0",
  year          = "2016",
  url           = "http://www.onem2m.org/technical/published-documents"
}

@article{barnaghi2012semantics,
  title={Semantics for the Internet of Things: early progress and back to the future},
  author={Barnaghi, Payam and Wang, Wei and Henson, Cory and Taylor, Kerry},
  journal={International Journal on Semantic Web and Information Systems (IJSWIS)},
  volume={8},
  number={1},
  pages={1--21},
  year={2012},
  publisher={IGI Global}
}

@inproceedings{strassner2016semantic,
  title={A semantic interoperability architecture for Internet of Things data sharing and computing},
  author={Strassner, John and Diab, Wael William},
  booktitle={2016 IEEE 3rd World Forum on Internet of Things (WF-IoT)},
  pages={609--614},
  year={2016},
  organization={IEEE}
}

@inproceedings{gyrard2015unified,
  title={A unified semantic engine for internet of things and smart cities: From sensor data to end-users applications},
  author={Gyrard, Amelie and Serrano, Martin},
  booktitle={2015 IEEE International Conference on Data Science and Data Intensive Systems},
  pages={718--725},
  year={2015},
  organization={IEEE}
}

@standard{tr0007,
  title         = "TR-0007: Study on Abstraction and Semantics Enablement",
  organization  = "oneM2M",
  number        = "V2.11.1",
  year          = "2016",
  url           = "http://www.onem2m.org/technical/published-documents"
}

@article{berners2001semantic,
  title={The semantic web},
  author={Berners-Lee, Tim and Hendler, James and Lassila, Ora and others},
  journal={Scientific american},
  volume={284},
  number={5},
  pages={28--37},
  year={2001},
  publisher={New York, NY, USA:}
}

@article{cheng2017fogflow,
  title={FogFlow: Easy programming of IoT services over cloud and edges for smart cities},
  author={Cheng, Bin and Solmaz, G{\"u}rkan and Cirillo, Flavio and Kovacs, Ern{\"o} and Terasawa, Kazuyuki and Kitazawa, Atsushi},
  journal={IEEE Internet of Things Journal},
  volume={5},
  number={2},
  pages={696--707},
  year={2017},
  publisher={IEEE}
}

@inproceedings{rajab2018iot,
  title={IoT based Smart Cities},
  author={Rajab, Husam and Cinkelr, Tibor},
  booktitle={2018 International Symposium on Networks, Computers and Communications (ISNCC)},
  pages={1--4},
  year={2018},
  organization={IEEE}
}

@inproceedings{reetz2013test,
  title={How to test iot-based services before deploying them into real world},
  author={Reetz, Eike Steffen and Kuemper, Daniel and Moessner, Klaus and T{\"o}njes, Ralf},
  booktitle={European Wireless 2013; 19th European Wireless Conference},
  pages={1--6},
  year={2013},
  organization={VDE}
}

@inproceedings{yun2016interworking,
  title={Interworking of oneM2M-based IoT systems and legacy systems for consumer products},
  author={Yun, Jaeseok and Teja, Ramnath Chekka and Chen, Nan and Sung, Nak-Myoung and Kim, Jaeho},
  booktitle={2016 International Conference on Information and Communication Technology Convergence (ICTC)},
  pages={423--428},
  year={2016},
  organization={IEEE}
}

@misc{nist2017internet,
  title         = "The Internet of Things-Enabled Smart City Framework, or IES-City Framework",
  organization  = "National Institute of Standards and Technology (NIST)",
  note = "{F}eb 11, 2019; https://pages.nist.gov/smartcitiesarchitecture/"
}

@misc{aft2016interoperability,
  author        = "AFT and ValenciaPort Foundation",
  title         = "Stakeholders and market analysis report final v1.1",
 note = "{F}eb 11, 2019, http://www.inter-iot-project.eu/deliverables",
  organization  = "Inter-IoT",
}

@article{violette2018iot,
  title={IoT Standards},
  author={Violette, Michael},
  journal={IEEE Internet of Things Magazine},
  volume={1},
  number={1},
  pages={6--7},
  year={2018},
  publisher={IEEE}
}

@standard{computing2019framework,
  title         = "Framework and Reference Architecture",
  organization  = "ETSI Industry Specification Group (ISG)",
  number        = "v2.1.1",
  year          = "2019",
  url           = "https://www.etsi.org/committee/1425-mec"
}

@article{sabella2019developing,
  title={Developing software for multi-access edge computing},
  author={Sabella, Dario and Sukhomlinov, Vadim and Trang, Linh and Kekki, Sami and Paglierani, Pietro and Rossbach, Ralf and Li, Xinhui and Fang, Yonggang and Druta, Dan and Giust, Fabio and others},
  journal={ETSI white paper},
  volume={20},
  year={2019}
}

@standard{computing2019management,
  title         = "Part 2: Application lifecycle, rules and requirements management",
  organization  = "ETSI Industry Specification Group (ISG)",
  number        = "v2.1.1",
  year          = "2019",
  url           = "https://www.etsi.org/committee/1425-mec"
}

@article{marques2019internet,
  title={Internet of Things Architectures, Technologies, Applications, Challenges, and Future Directions for Enhanced Living Environments and Healthcare Systems: A Review},
  author={Marques, Gon{\c{c}}alo and Pitarma, Rui and M Garcia, Nuno and Pombo, Nuno},
  journal={Electronics},
  volume={8},
  number={10},
  pages={1081},
  year={2019},
  publisher={Multidisciplinary Digital Publishing Institute}
}

@standard{computing2019enablement,
  title         = "Edge Platform Application Enablement Disclaimer",
  organization  = "ETSI Industry Specification Group (ISG)",
  number        = "v2.1.1",
  year          = "2019",
  url           = "https://www.etsi.org/committee/1425-mec"
}

@article{kiryakov2004semantic,
  title={Semantic annotation, indexing, and retrieval},
  author={Kiryakov, Atanas and Popov, Borislav and Terziev, Ivan and Manov, Dimitar and Ognyanoff, Damyan},
  journal={Journal of Web Semantics},
  volume={2},
  number={1},
  pages={49--79},
  year={2004},
  publisher={Elsevier}
}

@article{euzenat2002eight,
  title={Eight questions about semantic web annotations},
  author={Euzenat, J{\'e}r{\^o}me},
  journal={IEEE Intelligent systems},
  volume={17},
  number={2},
  pages={55--62},
  year={2002},
  publisher={IEEE}
}

@article{computing2019virtualisation,
  title={Study on MEC support for alternative virtualization technologies, document ETSI GS MEC 027 V2.1.1},
  author={Computing, Mobile Edge},
  journal={ETSI Industry Specification Group (ISG)},
  year={2019}
}

@book{2008_semantic_books,
  title={시맨틱 웹을 위한 RDF/OWL 입문},
  author={황석형/양해술},
  year={2008},
  publisher={홍릉 과학 출판사}
}

@misc{ontology_web_frotoma,
  title         = "Ontology",
  organization  = "Frotoma",
  note = "{J}une, 2020; http://www.frotoma.com/sub2\_1.do"
}

@misc{intel_smartcity_article,
  title         = "Smart Cities Technologies Give Back 125 Hours to Citizens Every Year",
  organization  = "Intel",
  note = "{M}ar, 2018; https://newsroom.intel.com/news/smart-cities-iot-research-125-hours/"
}

@inproceedings{petrolo2014towards,
  title={Towards a smart city based on cloud of things},
  author={Petrolo, Riccardo and Loscri, Valeria and Mitton, Nathalie},
  booktitle={Proceedings of the 2014 ACM international workshop on Wireless and mobile technologies for smart cities},
  pages={61--66},
  year={2014}
}

@article{rose2015internet,
  title={The internet of things: An overview},
  author={Rose, Karen and Eldridge, Scott and Chapin, Lyman},
  journal={The Internet Society (ISOC)},
  volume={80},
  pages={1--50},
  year={2015}
}

@standard{2018_ts_0013_interoperability,
  title         = "oneM2M-TS-0013: Interoperability testing",
  organization  = "oneM2M",
  number        = "v2.6.0",
  year          = "2018",
  url           = "http://onem2m.org/technical/published-drafts/release-3"
}

@standard{2019_tr_0036_smartcity,
  title         = "oneM2M-TS-0036: Smart City",
  organization  = "oneM2M",
  number        = "v0.4.0",
  year          = "2019",
  url           = "http://onem2m.org/technical/published-drafts/release-3"
}

@misc{onem2m_smart_cities_done_smarter2,
  title         = "Smart Cities done smarter",
  organization  = "oneM2M",
  note = "{J}ul, 2018; http://www.onem2m.org/images/files/oneM2M_WhitePaper_SmartCitiesDoneSmarter.pdf"
}

@misc{onem2m_smart_cities_done_smarter,
  title         = "Smart Cities done smarter",
  organization  = "oneM2M",
  note = "{J}ul, 2018; http://www.onem2m.org/images/files/\\oneM2M\_WhitePaper\_SmartCitiesDoneSmarter.pdf"
}

@article{fernandez2016smartport,
  title={SmartPort: A platform for sensor data monitoring in a seaport based on FIWARE},
  author={Fern{\'a}ndez, Pablo and Santana, Jos{\'e} and Ortega, Sebasti{\'a}n and Trujillo, Agust{\'\i}n and Su{\'a}rez, Jos{\'e} and Dom{\'\i}nguez, Conrado and Santana, Jaisiel and S{\'a}nchez, Alejandro},
  journal={Sensors},
  volume={16},
  number={3},
  pages={417},
  year={2016},
  publisher={Multidisciplinary Digital Publishing Institute}
}

@misc{bauer2017semantic,
  author        = "Martin Bauer and Jaeseung Song and SeungMyeong Jeong and Carmen Lop{\'e}z and R{\'e}mi Druilhe and Hoang Minh and Fang-Jing Wu and JaeYoung Hwang",
  title         = "D2.4 - Semantic Interoperability Components R1-1.0.2",
  year          = "2017",
  organization  = "Wise-IoT",
}

@misc{bauer2017wise_iot_d1.3,
  author        = "Martin Bauer, SeungMyeong Jeong, Carmen Lop{\'e}z and R{\'e}mi Druilhe, Hoang Minh and JaeYoung Hwang",
  title         = "D1.3 - WISE IoT updated high level architecture and reference technologies and standards",
  year          = "2017",
  organization  = "Wise-IoT",
}

@misc{etsi2005methods,
  title={Methods for testing and specification (MTS) the testing and test control notation version 3 part 1: TTCN-3 core language},
  author={Etsi, ES},
  year={2005},
  publisher={2003}
}

@standard{2019httpprotocolbindingonem2m,
  title         = "oneM2M-TS-0009: HTTP Protocol Binding",
  organization  = "oneM2M",
  number        = "V3.4.0",
  year          = "2019",
  url           = "http://www.onem2m.org/technical/published-drafts/release-3"
}

@misc{fiesta2017architecture,
  title         = "D3.4 - 	Specification and implementation of common Testbed interfaces V2",
  year          = "2017",
  organization  = "FIESTA-IoT",
}


@article{zhao2018onem2m,
  title={A oneM2M-compliant stacked middleware promoting IoT research and development},
  author={Zhao, Rongzhen and Wang, Litian and Zhang, Xingzhe and Zhang, Yu and Wang, Lizhi and Peng, Hongzhao},
  journal={IEEE Access},
  volume={6},
  pages={63546--63559},
  year={2018},
  publisher={IEEE}
}

@article{kim2016standard,
  title="Standard-based IoT platforms interworking: implementation, experiences, and lessons learned",
  author="Kim, Jaeho and Yun, Jaeseok and Choi, Sung-Chan and Seed, Dale N and Lu, Guang and Bauer, Martin and Al-Hezmi, Adel and Campowsky, Konrad and Song, Jaeseung",
  journal="IEEE Commun. Mag.",
  volume="54",
  number="7",
  pages="48-54",
  year="2016"
}

@standard{2016funtionalarchonem2m,
  title         = "oneM2M-TS-0001: Functional Architecture",
  organization  = "oneM2M",
  number        = "V2.10.0",
  year          = "2016",
  url           = "http://www.onem2m.org/technical/published-documents"
}


@standard{etsibookforinterop,
  title         = "Interoperability Best Practices",
  organization  = "ETSI",
  url           = "https://www.etsi.org/images/files/Events/interoperability_best_practices_handbook.pdf"
}



@standard{2016applicationguidem2m,
  title         = "oneM2M-TR-0025: Application Developer Guide",
  organization  = "oneM2M",
  number        = "V1.0.0",
  year          = "2016",
  url           = "http://www.onem2m.org/technical/published-documents"
}


@article{ensuringCompliance2018,
  title={Ensuring Compliance of IoT Devices with Their Privacy Policy Agreement},
  author={Subahi, Alanoud and Theodorakopoulos, George},
  booktitle={2018 IEEE 6th International Conference on Future Internet of Things and Cloud (FiCloud)},
  year={2018},
  publisher={IEEE}
}

@article{testingInCloud2012,
  title={Testing in the Cloud: Exploring the Practice},
  author={Leah Riungu-Kalliosaari, Leah and Taipale, Ossi and Smolander, Kari},
  journal={IEEE Software},
  volume={29},
  number={2},
  pages={46--51},
  year={2012},
  publisher={IEEE}
}

@article{frameworkIoT2017,
  title={Framework for Integration Testing of IoT Solutions},
  author={Bures, Miroslav},
  booktitle={ 2017 International Conference on Computational Science and Computational Intelligence (CSCI)},
  year={2017},
  publisher={IEEE}
}

@article{thummalapenta2012automating,
  title={Automating test automation},
  author={Thummalapenta, Suresh and Sinha, Saurabh and Singhania, Nimit and Chandra, Satish},
  booktitle={Proceedings of the 34th International Conference on Software Engineering},
  pages={881--891},
  year={2012},
  organization={IEEE Press}
}

@article{klammer2017journey,
  title={A Journey from Manual Testing to Automated Test Generation in an Industry Project},
  author={Klammer, Claus and Ramler, Rudolf},
  booktitle={2017 IEEE International Conference on Software Quality, Reliability and Security Companion (QRS-C)},
  pages={591--592},
  year={2017},
  organization={IEEE}
}

@inproceedings{dobles2019comparing,
  title={Comparing the effort and effectiveness of automated and manual tests},
  author={Dobles, Ignacio and Mart{\'\i}nez, Alexandra and Quesada-L{\'o}pez, Christian},
  booktitle={2019 14th Iberian Conference on Information Systems and Technologies (CISTI)},
  pages={1--6},
  year={2019},
  organization={IEEE}
}

@article{ICAT2018,
  title={ICAT: An IoT Device Compatibility Testing Tool},
  author={Chen, Woei-Kae and Liu, Chien-Hung and Liang, William W.-Y and Tsai, Ming-Yi},
  booktitle={2018 25th Asia-Pacific Software Engineering Conference (APSEC)},
  year={2018},
  publisher={IEEE}
}

@inproceedings{IoTTestware2017,
  title={IoT-Testware - An Eclipse Project},
  author={Schieferdecker, Ina and Kretzschmann, Sascha and Rennoch, Axel and Wagner, Michael},
  booktitle={2017 IEEE International Conference on Software Quality, Reliability and Security (QRS)},
  pages={1--8},
  year={2017},
  organization={IEEE}
}

@inproceedings{fInteropImplementation2018,
  title={F-Interop Platform and Tools: Validating IoT Implementations Faster},
  author={Palattella, Rita Maria and Sismondi, Federico and Chang, Tengfei and Baron, Loic and Vučinić, Mališa and Modernell, Pablo and Vilajosana, Thomas Watteyne},
  booktitle={ 2016 IEEE 3rd World Forum on Internet of Things (WF-IoT)},
  journal={IEEE Access},
  volume={6},
  pages={15480--15493},
  year={2018},
  publisher={IEEE}
}

@article{taas2013,
  title={Testing as a Service (TaaS) on Clouds},
  author={Gao, Jerry and Bai, Xiaoying and Tsai, Wei-Tek and Uehara, Tadahiro},
  booktitle={2013 IEEE Seventh International Symposium on Service-Oriented System Engineering},
  year={2013},
  publisher={IEEE}
}

@article{kovacs2016standards,
  title={Standards-based worldwide semantic interoperability for IoT},
  author={Kovacs, Erno and Bauer, Martin and Kim, Jaeho and Yun, Jaeseok and Le Gall, Franck and Zhao, Mengxuan},
  journal={IEEE Communications Magazine},
  volume={54},
  number={12},
  pages={40--46},
  year={2016},
  publisher={IEEE}
}

@article{Petrolo2017,
author = {Petrolo, Riccardo and Loscrì, Valeria and Mitton, Nathalie},
title = {Towards a smart city based on cloud of things, a survey on the smart city vision and paradigms},
journal = {ETT},
volume = {28},
number = {1},
pages = {e2931},
year = {2017}
}

@article{swetina2014toward,
  title="Toward a standardized common M2M service layer platform: Introduction to oneM2M",
  author="Swetina, Jorg and Lu, Guang and Jacobs, Philip and Ennesser, Francois and Song, JaeSeung",
  journal="IEEE Wirel. Commun.",
  volume="21",
  number="3",
  pages="20-26",
  year="2014",
}

@inproceedings{husain2014interworking,
  title={Interworking architecture between oneM2M service layer and underlying networks},
  author={Husain, Syed and Kunz, Andreas and Song, JaeSeung and Koshimizu, Takashi},
  booktitle={2014 IEEE Globecom Workshops (GC Wkshps)},
  pages={636--642},
  year={2014},
  organization={IEEE}
}

@book{minoli2013building,
  title={Building the internet of things with IPv6 and MIPv6: the evolving world of M2m communications},
  author={Minoli, Daniel},
  year={2013},
  publisher={John Wiley \& Sons}
}

@article{mehmood2017internet,
  title={Internet-of-things-based smart cities: Recent advances and challenges},
  author={Mehmood, Yasir and Ahmad, Farhan and Yaqoob, Ibrar and Adnane, Asma and Imran, Muhammad and Guizani, Sghaier},
  journal={IEEE Communications Magazine},
  volume={55},
  number={9},
  pages={16--24},
  year={2017},
  publisher={IEEE}
}

@inproceedings{arasteh2016iot,
  title={Iot-based smart cities: a survey},
  author={Arasteh, Hamidreza and Hosseinnezhad, Vahid and Loia, Vincenzo and Tommasetti, Aurelio and Troisi, Orlando and Shafie-khah, Miadreza and Siano, Pierluigi},
  booktitle={2016 IEEE 16th International Conference on Environment and Electrical Engineering (EEEIC)},
  pages={1--6},
  year={2016},
  organization={IEEE}
}

@inproceedings{sarkar2014scalable,
  title={A scalable distributed architecture towards unifying IoT applications},
  author={Sarkar, Chayan and Nambi, SN Akshay Uttama and Prasad, R Venkatesha and Rahim, Abdur},
  booktitle={2014 IEEE World Forum on Internet of Things (WF-IoT)},
  pages={508--513},
  year={2014},
  organization={IEEE}
}

@article{gu2017study,
  title={A Study on the Use Intention of Smart Home APP based on IoT-Focusing on the China Market},
  author={Gu, W and Lee, JH},
  journal={The e-business studies},
  volume={18},
  number={6},
  pages={195--212},
  year={2017}
}

@inproceedings{khan2012future,
  title={Future internet: the internet of things architecture, possible applications and key challenges},
  author={Khan, Rafiullah and Khan, Sarmad Ullah and Zaheer, Rifaqat and Khan, Shahid},
  booktitle={2012 10th international conference on frontiers of information technology},
  pages={257--260},
  year={2012},
  organization={IEEE}
}

@article{miorandi2012internet,
  title={Internet of things: Vision, applications and research challenges},
  author={Miorandi, Daniele and Sicari, Sabrina and De Pellegrini, Francesco and Chlamtac, Imrich},
  journal={Ad hoc networks},
  volume={10},
  number={7},
  pages={1497--1516},
  year={2012},
  publisher={Elsevier}
}

@article{bandyopadhyay2011internet,
  title={Internet of things: Applications and challenges in technology and standardization},
  author={Bandyopadhyay, Debasis and Sen, Jaydip},
  journal={Wireless personal communications},
  volume={58},
  number={1},
  pages={49--69},
  year={2011},
  publisher={Springer}
}

@article{song2014connecting,
  title={Connecting and managing m2m devices in the future internet},
  author={Song, Jaeseung and Kunz, Andreas and Schmidt, Mischa and Szczytowski, Piotr},
  journal={Mobile Networks and Applications},
  volume={19},
  number={1},
  pages={4--17},
  year={2014},
  publisher={Springer}
}

@article{vallejo2007state,
  title={State of the art of IPv6 conformance and interoperability testing},
  author={Vallejo, Alex and Ruiz, Joan and Abella, Jaume and Zaballos, Agustin and Selga, Josep M},
  journal={IEEE Communications Magazine},
  volume={45},
  number={10},
  pages={140--146},
  year={2007},
  publisher={IEEE}
}

@article{seol2003fully,
  title={Fully automated interoperability test suite derivation for communication protocols},
  author={Seol, Soonuk and Kim, Myungchul and Kang, Sungwon and Ryu, Jiwon},
  journal={Computer Networks},
  volume={43},
  number={6},
  pages={735--759},
  year={2003},
  publisher={Elsevier}
}

@inproceedings{maag2008interoperability,
  title={Interoperability testing of a manet routing protocol using a node self-similarity approach},
  author={Maag, Stephane and Grepet, Cyril},
  booktitle={Proceedings of the 2008 ACM symposium on Applied computing},
  pages={1908--1912},
  year={2008}
}

@article{hao2004integrated,
  title={Integrated system interoperability testing with applications to VoIP},
  author={Hao, Ruibing and Lee, David and Sinha, Rakesh K and Griffeth, Nancy},
  journal={IEEE/ACM transactions on networking},
  volume={12},
  number={5},
  pages={823--836},
  year={2004},
  publisher={IEEE}
}

@article{schmidt2007ims,
  title={IMS interoperability and conformance aspects [IP Multimedia Systems (IMS) Infrastructure and Services]},
  author={Schmidt, Mischa and Wilde, Andreas and Schulke, Anett and Costa, Henrique},
  journal={IEEE Communications Magazine},
  volume={45},
  number={3},
  pages={138--142},
  year={2007},
  publisher={IEEE}
}

@article{kim2018iot,
  title={IoT-TaaS: Towards a prospective IoT testing framework},
  author={Kim, Hiun and Ahmad, Abbas and Hwang, Jaeyoung and Baqa, Hamza and Le Gall, Franck and Ortega, Miguel Angel Reina and Song, JaeSeung},
  journal={IEEE Access},
  volume={6},
  pages={15480--15493},
  year={2018},
  publisher={IEEE}
}

@book{muhammad2008introduction,
  title={An Introduction to Umts Technology: Testing, Specifications and Standard Bodies for Engineers and Managers},
  author={Muhammad, Faris},
  year={2008},
  publisher={Universal-Publishers}
}

@inproceedings{gonccalves2017influence,
  title={The Influence of Human Factors on the Software Testing Process: The impact of these factors on the software testing process},
  author={Gon{\c{c}}alves, Wellington F and de Almeida, Carlos B and de Ara{\'u}jo, Leonardo L and Ferraz, Mateus S and Xand{\'u}, Rog{\'e}rio B and de Farias, Ivaldir},
  booktitle={2017 12th Iberian Conference on Information Systems and Technologies (CISTI)},
  pages={1--6},
  year={2017},
  organization={IEEE}
}

@inproceedings{kaiser2019standards,
  title={Standards-Based IoT Testing with Open-Source Test Equipment},
  author={Kaiser, Alexander and Hackel, Sascha},
  booktitle={2019 IEEE 19th International Conference on Software Quality, Reliability and Security Companion (QRS-C)},
  pages={435--441},
  year={2019},
  organization={IEEE}
}